@article{diestel,
	title={Highly connected sets and the excluded grid theorem},
	author={Diestel, R. and Jensen, T.R. and Gorbunov, K.Y. and Thomassen, C.},
	journal={Journal of Combinatorial Theory, Series B},
	volume={75},
	number={1},
	pages={61--73},
	year={1999},
	publisher={Elsevier}
}

@article{arnborg,
	title={Complexity of finding embeddings in ak-tree},
	author={Arnborg, S. and Corneil, D.G. and Proskurowski, A.},
	journal={SIAM Journal on Algebraic Discrete Methods},
	volume={8},
	number={2},
	pages={277--284},
	year={1987},
	publisher={SIAM}
}

@article{bodlaender,
	title={A linear-time algorithm for finding tree-decompositions of small treewidth},
	author={Bodlaender, H.L.},
	journal={SIAM Journal on computing},
	volume={25},
	number={6},
	pages={1305--1317},
	year={1996},
	publisher={SIAM}
}

@article{menger,
	title={Zur allgemeinen kurventheorie},
	author={Menger, K.},
	journal={Fund. Math},
	volume={10},
	number={95-115},
	year={1927}
}

